@article{aizenman1990rounding,
  title={Rounding effects of quenched randomness on first-order phase transitions},
  author={Aizenman, Michael and Wehr, Jan},
  journal={Communications in mathematical physics},
  volume={130},
  number={3},
  pages={489--528},
  year={1990},
  publisher={Springer}
}

@article{anderson1958absence,
  title = {Absence of Diffusion in Certain Random Lattices},
  author = {Anderson, P. W.},
  journal = {Phys. Rev.},
  volume = {109},
  issue = {5},
  pages = {1492--1505},
  numpages = {0},
  year = {1958},
  month = {Mar},
  publisher = {American Physical Society},
  doi = {10.1103/PhysRev.109.1492},
  url = {http://link.aps.org/doi/10.1103/PhysRev.109.1492}
}

@article{anderson1972more,
  title={More is different},
  author={Anderson, Philip W.},
  journal={Science},
  volume={177},
  number={4047},
  pages={393--396},
  year={1972},
  publisher={World Scientific}
}

@article{ballesteros1996finite,
  title={Finite size effects on measures of critical exponents in d= 3 O (N) models},
  author={Ballesteros, H. G. and Fernandez, L. A. and Martin-Mayor, V. and Sudupe, A. Munoz},
  journal={Physics Letters B},
  volume={387},
  number={1},
  pages={125--131},
  year={1996},
  publisher={Elsevier}
}

@article{ballesteros1998critical,
  title={Critical exponents of the three-dimensional diluted Ising model},
  author={Ballesteros, H. G. and Fern{\'a}ndez, L. A. and Mart{\'\i}n-Mayor, V. and Sudupe, A. Munoz and Parisi, G. and Ruiz-Lorenzo, Juan J.},
  journal={Physical Review B},
  volume={58},
  number={5},
  pages={2740},
  year={1998},
  publisher={APS}
}

@article{banos2010nature,
  title={Nature of the spin-glass phase at experimental length scales},
  author = {Alvarez Ba\~nos, R. and Cruz, A. and Fernandez, L. A. and Gil-Narvion, J. M. and Gordillo-Guerrero, A. and Guidetti, M. and Maiorano, A. and Mantovani, F. and Marinari, Enzo and Martin-Mayor, V. and Monforte-Garcia, J. and Mu\~noz Sudupe, A. and Navarro, D. and Parisi, G. and Perez-Gaviro, S. and Ruiz-Lorenzo, Juan J. and Schifano, S. F. and Seoane, B. and Tarancon, A. and Tripiccione, R. and Yllanes, D.},
  journal={Journal of Statistical Mechanics: Theory and Experiment},
  volume={2010},
  number={06},
  pages={P06026},
  year={2010},
  publisher={IOP Publishing}
}

@article{banos2010static,
  title = {Static versus Dynamic Heterogeneities in the $D=3$ Edwards-Anderson-Ising Spin Glass},
  author = {Alvarez Ba\~nos, R. and Cruz, A. and Fernandez, L. A. and Gil-Narvion, J. M. and Gordillo-Guerrero, A. and Guidetti, M. and Maiorano, A. and Mantovani, F. and Marinari, Enzo and Martin-Mayor, V. and Monforte-Garcia, J. and Mu\~noz Sudupe, A. and Navarro, D. and Parisi, G. and Perez-Gaviro, S. and Ruiz-Lorenzo, Juan J. and Schifano, S. F. and Seoane, B. and Tarancon, A. and Tripiccione, R. and Yllanes, D.},
  journal = {Phys. Rev. Lett.},
  volume = {105},
  issue = {17},
  pages = {177202},
  numpages = {4},
  year = {2010},
  month = {Oct},
  publisher = {American Physical Society},
  doi = {10.1103/PhysRevLett.105.177202},
  url = {http://link.aps.org/doi/10.1103/PhysRevLett.105.177202}
}

@article{banos2012correspondence,
  title={Correspondence between long-range and short-range spin glasses},
  author={Alvarez Ba\~nos, R. and Fernandez, L. A. and Martin-Mayor, V. and Young, A. P.},
  journal={Physical Review B},
  volume={86},
  number={13},
  pages={134416},
  year={2012},
  publisher={APS}
}

@article{barahona1982computational,
  title={On the computational complexity of Ising spin glass models},
  author={Barahona, Francisco},
  journal={Journal of Physics A: Mathematical and General},
  volume={15},
  number={10},
  pages={3241},
  year={1982},
  publisher={IOP Publishing}
}

@article{belletti2009depth,
  title={An in-depth view of the microscopic dynamics of Ising spin glasses at fixed temperature},
  author={Belletti, F. and Cruz, A. and Fernandez, L. A. and Gordillo-Guerrero, A. and Guidetti, M. and Maiorano, A. and Mantovani, F. and Marinari, Enzo and Martin-Mayor, V. and Monforte, J. and others},
  journal={Journal of Statistical Physics},
  volume={135},
  number={5-6},
  pages={1121--1158},
  year={2009},
  publisher={Springer}
}

@article{berche2012hyperscaling,
  title={Hyperscaling above the upper critical dimension},
  author={Berche, Bertrand and Kenna, Ralph and Walter, J. C.},
  journal={Nuclear Physics B},
  volume={865},
  number={1},
  pages={115--132},
  year={2012},
  publisher={Elsevier}
}

@article{billoire2013comment,
  title={Comment on ``Evidence of non-mean-field-like low-temperature behavior in the Edwards-Anderson spin-glass model"},
  author={Billoire, A. and Fernandez, L. A. and Maiorano, A. and Marinari, E. and Martin-Mayor, V. and Parisi, G. and Ricci-Tersenghi, F. and Ruiz-Lorenzo, J. J. and Yllanes, D.},
  journal={Physical review letters},
  volume={110},
  number={21},
  pages={219701},
  year={2013},
  publisher={APS}
}

@article{billoire2014cumulative,
  title={Cumulative overlap distribution function in realistic spin glasses},
  author={Billoire, A. and Maiorano, A. and Marinari, E. and Martin-Mayor, V. and Yllanes, D.},
  journal={Physical Review B},
  volume={90},
  number={9},
  pages={094201},
  year={2014},
  publisher={APS}
}

@article{binder1985finite,
  title={Finite-size tests of hyperscaling},
  author={Binder, Kurt and Nauenberg, M. and Privman, V. and Young, A. P.},
  journal={Physical Review B},
  volume={31},
  number={3},
  pages={1498},
  year={1985},
  publisher={APS}
}

@article{binder1986spin,
  title={Spin glasses: Experimental facts, theoretical concepts, and open questions},
  author={Binder, Kurt and Young, A. P.},
  journal={Reviews of Modern physics},
  volume={58},
  number={4},
  pages={801},
  year={1986},
  publisher={APS}
}

@article{binder2001monte,
  title={Monte Carlo tests of renormalization-group predictions for critical phenomena in Ising models},
  author={Binder, Kurt and Luijten, Erik},
  journal={Physics Reports},
  volume={344},
  number={4},
  pages={179--253},
  year={2001},
  publisher={Elsevier}
}

@article{blote1997universality,
  title={Universality and the five-dimensional Ising model},
  author={Bl{\"o}te, Henk W. J. and Luijten, Erik},
  journal={EPL (Europhysics Letters)},
  volume={38},
  number={8},
  pages={565},
  year={1997},
  publisher={IOP Publishing}
}

@article{bray1986lower,
  title={Lower critical dimension of metallic vector spin-glasses},
  author={Bray, Allan J. and Moore, M. A. and Young, A. P.},
  journal={Physical Review Letters},
  volume={56},
  number={24},
  pages={2641},
  year={1986},
  publisher={APS}
}

@article{brezin1982investigation,
  title={An investigation of finite size scaling},
  author={Br{\'e}zin, E.},
  journal={Journal de Physique},
  volume={43},
  number={1},
  pages={15--22},
  year={1982},
  publisher={Soci{\'e}t{\'e} Fran{\c{c}}aise de Physique}
}

@article{brezin1985finite,
  title={Finite size effects in phase transitions},
  author={Br{\'e}zin, E and Zinn-Justin, Jean},
  journal={Nuclear Physics B},
  volume={257},
  pages={867--893},
  year={1985},
  publisher={Elsevier}
}

@article{campa2000canonical,
  title={Canonical solution of a system of long-range interacting rotators on a lattice},
  author={Campa, Alessandro and Giansanti, Andrea and Moroni, Daniele},
  journal={Physical Review E},
  volume={62},
  number={1},
  pages={303},
  year={2000},
  publisher={APS}
}

@article{cannas1996long,
  title={Long-range interactions and nonextensivity in ferromagnetic spin models},
  author={Cannas, Sergio A. and Tamarit, Francisco A.},
  journal={Physical Review B},
  volume={54},
  number={18},
  pages={R12661},
  year={1996},
  publisher={APS}
}

@article{cannas2000evidence,
  title={Evidence of exactness of the mean-field theory in the nonextensive regime of long-range classical spin models},
  author={Cannas, Sergio A. and De Magalh{\~a}es, A. C. N. and Tamarit, Francisco A.},
  journal={Physical Review B},
  volume={61},
  number={17},
  pages={11521},
  year={2000},
  publisher={APS}
}

@article{cannella1972magnetic,
  title={Magnetic ordering in gold-iron alloys},
  author={Cannella, V. and Mydosh, J. A.},
  journal={Physical Review B},
  volume={6},
  number={11},
  pages={4220},
  year={1972},
  publisher={APS}
}

@book{cardy1996scaling,
  title={Scaling and renormalization in statistical physics},
  author={Cardy, John},
  volume={5},
  year={1996},
  publisher={Cambridge university press}
}

@article{dealmeida1978stability,
  title={Stability of the Sherrington-Kirkpatrick solution of a spin glass model},
  author={{de Almeida}, J. R. L. and Thouless, David J.},
  journal={Journal of Physics A: Mathematical and General},
  volume={11},
  number={5},
  pages={983},
  year={1978},
  publisher={IOP Publishing}
}

@article{dyson1969existence,
  title={Existence of a phase-transition in a one-dimensional Ising ferromagnet},
  author={Dyson, Freeman J.},
  journal={Communications in Mathematical Physics},
  volume={12},
  number={2},
  pages={91--107},
  year={1969},
  publisher={Springer}
}

@article{earl2005parallel,
  title={Parallel tempering: Theory, applications, and new perspectives},
  author={Earl, David J. and Deem, Michael W.},
  journal={Physical Chemistry Chemical Physics},
  volume={7},
  number={23},
  pages={3910--3916},
  year={2005},
  publisher={Royal Society of Chemistry}
}

@article{edwards1975theory,
  title={Theory of spin glasses},
  author={Edwards, Samuel Frederick and Anderson, P. W.},
  journal={Journal of Physics F: Metal Physics},
  volume={5},
  number={5},
  pages={965},
  year={1975},
  publisher={IOP Publishing}
}

@article{fisher1972scaling,
  title={Scaling theory for finite-size effects in the critical region},
  author={Fisher, Michael E. and Barber, Michael N.},
  journal={Physical Review Letters},
  volume={28},
  number={23},
  pages={1516},
  year={1972},
  publisher={APS}
}

@article{fisher1986ordered,
  title={Ordered phase of short-range Ising spin-glasses},
  author={Fisher, Daniel S. and Huse, David A.},
  journal={Physical review letters},
  volume={56},
  number={15},
  pages={1601},
  year={1986},
  publisher={APS}
}

@article{fisher1987absence,
  title={Absence of many states in realistic spin glasses},
  author={Fisher, Daniel S. and Huse, David A.},
  journal={Journal of Physics A: Mathematical and General},
  volume={20},
  number={15},
  pages={L1005},
  year={1987},
  publisher={IOP Publishing}
}

@article{fisher1988equilibrium,
  title={Equilibrium behavior of the spin-glass ordered phase},
  author={Fisher, Daniel S. and Huse, David A.},
  journal={Physical Review B},
  volume={38},
  number={1},
  pages={386},
  year={1988},
  publisher={APS}
}

@book{goldenfeld1992lectures,
  title={Lectures on phase transitions and the renormalization group},
  author={Goldenfeld, Nigel},
  year={1992},
  publisher={Addison-Wesley, Advanced Book Program, Reading}
}

@article{harris1976critical,
  title={Critical properties of spin-glasses},
  author={Harris, A. B. and Lubensky, T. C. and Chen, Jing-Huei},
  journal={Physical Review Letters},
  volume={36},
  number={8},
  pages={415},
  year={1976},
  publisher={APS}
}

@article{hartmann2001lower,
  title={Lower critical dimension of Ising spin glasses},
  author={Hartmann, Alexander K. and Young, A. P.},
  journal={Physical Review B},
  volume={64},
  number={18},
  pages={180404},
  year={2001},
  publisher={APS}
}

@article{hiley1965ising,
  title={The Ising model with long-range interactions},
  author={Hiley, B. J. and Joyce, G. S.},
  journal={Proceedings of the Physical Society},
  volume={85},
  number={3},
  pages={493},
  year={1965},
  publisher={IOP Publishing}
}

@article{hukushima1996exchange,
  title={Exchange Monte Carlo method and application to spin glass simulations},
  author={Hukushima, Koji and Nemoto, Koji},
  journal={Journal of the Physical Society of Japan},
  volume={65},
  number={6},
  pages={1604--1608},
  year={1996},
  publisher={The Physical Society of Japan}
}

@article{ising1925beitrag,
  title={Beitrag zur theorie des ferromagnetismus},
  author={Ising, Ernst},
  journal={Zeitschrift f{\"u}r Physik A Hadrons and Nuclei},
  volume={31},
  number={1},
  pages={253--258},
  year={1925},
  publisher={Springer}
}

@inproceedings{istrail2000statistical,
  title={Statistical mechanics, three-dimensionality and NP-completeness: I. Universality of intracatability for the partition function of the Ising model across non-planar surfaces},
  author={Istrail, Sorin},
  booktitle={Proceedings of the thirty-second annual ACM symposium on Theory of computing},
  pages={87--96},
  year={2000},
  organization={ACM}
}

@article{jones2005finite,
  title={Finite-size scaling of the correlation length above the upper critical dimension in the five-dimensional Ising model},
  author={Jones, Jeff L. and Young, A. P.},
  journal={Physical Review B},
  volume={71},
  number={17},
  pages={174438},
  year={2005},
  publisher={APS}
}

@article{katzgraber2001monte,
  title={Monte Carlo simulations of spin glasses at low temperatures},
  author={Katzgraber, Helmut G. and Palassini, Matteo and Young, A. P.},
  journal={Physical Review B},
  volume={63},
  number={18},
  pages={184422},
  year={2001},
  publisher={APS}
}

@article{katzgraber2003monte,
  title={Monte Carlo studies of the one-dimensional Ising spin glass with power-law interactions},
  author={Katzgraber, Helmut G. and Young, A. P.},
  journal={Physical Review B},
  volume={67},
  number={13},
  pages={134410},
  year={2003},
  publisher={APS}
}

@article{katzgraber2005probing,
  title={Probing the Almeida-Thouless line away from the mean-field model},
  author={Katzgraber, Helmut G. and Young, A. P.},
  journal={Physical Review B},
  volume={72},
  number={18},
  pages={184416},
  year={2005},
  publisher={APS}
}

@article{katzgraber2006feedback,
  title={Feedback-optimized parallel tempering Monte Carlo},
  author={Katzgraber, Helmut G. and Trebst, Simon and Huse, David A. and Troyer, Matthias},
  journal={Journal of Statistical Mechanics: Theory and Experiment},
  volume={2006},
  number={03},
  pages={P03018},
  year={2006},
  publisher={IOP Publishing}
}

@article{katzgraber2006universality,
  title={Universality in three-dimensional Ising spin glasses: A Monte Carlo study},
  author={Katzgraber, Helmut G. and K{\"o}rner, Mathias and Young, A. P.},
  journal={Physical Review B},
  volume={73},
  number={22},
  pages={224432},
  year={2006},
  publisher={APS}
}

@article{katzgraber2009ultrametricity,
  title={Ultrametricity and clustering of states in spin glasses: A one-dimensional view},
  author={Katzgraber, Helmut G. and Hartmann, Alexander K.},
  journal={Physical review letters},
  volume={102},
  number={3},
  pages={037207},
  year={2009},
  publisher={APS}
}

@article{kenna2013new,
  title={A new critical exponent ``qoppa" and its logarithmic counterpart},
  author={Kenna, Ralph and Berche, Bertrand},
  journal={Condensed Matter Physics},
  pages={23601},
  volume={16},
  year={2013}
}

@article{kenna2014fisher,
  title={Fisher's scaling relation above the upper critical dimension},
  author={Kenna, Ralph and Berche, Bertrand},
  journal={EPL (Europhysics Letters)},
  volume={105},
  number={2},
  pages={26005},
  year={2014},
  publisher={IOP Publishing}
}

@article{kirkpatrick1978infinite,
  title={Infinite-ranged models of spin-glasses},
  author={Kirkpatrick, Scott and Sherrington, David},
  journal={Physical Review B},
  volume={17},
  number={11},
  pages={4384},
  year={1978},
  publisher={APS}
}

@article{kone2005selection,
  title={Selection of temperature intervals for parallel-tempering simulations},
  author={Kone, Aminata and Kofke, David A},
  journal={The Journal of chemical physics},
  volume={122},
  number={20},
  pages={206101},
  year={2005},
  publisher={AIP Publishing}
}

@article{kotliar1983one,
  title={One-dimensional spin-glass model with long-range random interactions},
  author={Kotliar, G. and Anderson, P. W. and Stein, Daniel L.},
  journal={Physical Review B},
  volume={27},
  number={1},
  pages={602},
  year={1983},
  publisher={APS}
}

@article{krzakala2000spin,
  title={Spin and link overlaps in three-dimensional spin glasses},
  author={Krzakala, F and Martin, OC},
  journal={Physical Review Letters},
  volume={85},
  number={14},
  pages={3013},
  year={2000},
  publisher={APS}
}

@article{larson2010numerical,
  title={Numerical studies of a one-dimensional three-spin spin-glass model with long-range interactions},
  author={Larson, Derek and Katzgraber, Helmut G. and Moore, M. A. and Young, A. P.},
  journal={Physical Review B},
  volume={81},
  number={6},
  pages={064415},
  year={2010},
  publisher={APS}
}

@article{larson2013spin,
  title={Spin glasses in a field: Three and four dimensions as seen from one space dimension},
  author={Larson, Derek and Katzgraber, Helmut G. and Moore, M. A. and Young, A. P.},
  journal={Physical Review B},
  volume={87},
  number={2},
  pages={024414},
  year={2013},
  publisher={APS}
}

@article{leuzzi2008dilute,
  title={Dilute one-dimensional spin glasses with power law decaying interactions},
  author={Leuzzi, L. and Parisi, G. and Ricci-Tersenghi, F. and Ruiz-Lorenzo, Juan J.},
  journal={Physical Review Letters},
  volume={101},
  number={10},
  pages={107203},
  year={2008},
  publisher={APS}
}

@article{luijten1996finite,
  title={Finite-size scaling and universality above the upper critical dimensionality},
  author={Luijten, Erik and Bl{\"o}te, Henk W. J.},
  journal={Physical review letters},
  volume={76},
  number={10},
  pages={1557},
  year={1996},
  publisher={APS}
}

@article{luijten1999finite,
  title={Finite-size scaling above the upper critical dimension revisited: the case of the five-dimensional Ising model},
  author={Luijten, Erik and Binder, Kurt and Bl{\"o}te, Henk WJ},
  journal={The European Physical Journal B-Condensed Matter and Complex Systems},
  volume={9},
  number={2},
  pages={289--297},
  year={1999},
  publisher={Springer}
}

@article{lundow2014finite,
  title={Finite size scaling of the 5D Ising model with free boundary conditions},
  author={Lundow, P. H. and Markstr{\"o}m, Klas},
  journal={Nuclear Physics B},
  volume={889},
  pages={249--260},
  year={2014},
  publisher={Elsevier}
}

@article{manssen2015aging,
  title={Aging at the spin-glass/ferromagnet transition: Monte Carlo simulations using graphics processing units},
  author={Manssen, Markus and Hartmann, Alexander K.},
  journal={Physical Review B},
  volume={91},
  number={17},
  pages={174433},
  year={2015},
  publisher={APS}
}

@article{manssen2015nonequilibrium,
  title={Nonequilibrium evolution of window overlaps in spin glasses},
  author={Manssen, Markus and Hartmann, Alexander K. and Young, A. P.},
  journal={Physical Review B},
  volume={91},
  number={10},
  pages={104430},
  year={2015},
  publisher={APS}
}

@article{marinari1996numerical,
  title={Numerical evidence for spontaneously broken replica symmetry in 3D spin glasses},
  author={Marinari, Enzo and Parisi, Giorgio and Ruiz-Lorenzo, Juan J. and Ritort, F.},
  journal={Physical review letters},
  volume={76},
  number={5},
  pages={843},
  year={1996},
  publisher={APS}
}

@article{marinari2000replica,
  title={Replica symmetry breaking in short-range spin glasses: theoretical foundations and numerical evidences},
  author={Marinari, Enzo and Parisi, Giorgio and Ricci-Tersenghi, Federico and Ruiz-Lorenzo, Juan J. and Zuliani, Francesco},
  journal={Journal of Statistical Physics},
  volume={98},
  number={5-6},
  pages={973--1074},
  year={2000},
  publisher={Springer}
}

@article{martin2004hybrid,
  title={Hybrid cluster identification},
  author={Mart{\i}n-Herrero, J.},
  journal={J Phys A: Math Gen},
  volume={761},
  pages={37},
  year={2004}
}

@article{mcmillan1984scaling,
  title={Scaling theory of Ising spin glasses},
  author={McMillan, W. L.},
  journal={Journal of Physics C: Solid State Physics},
  volume={17},
  number={18},
  pages={3179},
  year={1984},
  publisher={IOP Publishing}
}

@article{metropolis1953equation,
  title={Equation of state calculations by fast computing machines},
  author={Metropolis, Nicholas and Rosenbluth, Arianna W. and Rosenbluth, Marshall N. and Teller, Augusta H. and Teller, Edward},
  journal={The Journal of Chemical Physics},
  volume={21},
  number={6},
  pages={1087--1092},
  year={1953},
  publisher={AIP Publishing}
}

@article{mezard1984nature,
  title={Nature of the spin-glass phase},
  author={M{\'e}zard, Marc and Parisi, Giorgio and Sourlas, Nicolas and Toulouse, G and Virasoro, Miguel},
  journal={Physical review letters},
  volume={52},
  number={13},
  pages={1156},
  year={1984},
  publisher={APS}
}

@article{middleton2013extracting,
  title={Extracting thermodynamic behavior of spin glasses from the overlap function},
  author={Middleton, A. Alan},
  journal={Physical Review B},
  volume={87},
  number={22},
  pages={220201},
  year={2013},
  publisher={APS}
}

@article{monthus2013typical,
  title={Typical versus averaged overlap distribution in spin glasses: Evidence for droplet scaling theory},
  author={Monthus, C{\'e}cile and Garel, Thomas},
  journal={Physical Review B},
  volume={88},
  number={13},
  pages={134204},
  year={2013},
  publisher={APS}
}

@article{moore1998evidence,
  title={Evidence for the droplet picture of spin glasses},
  author={Moore, M. A. and Bokil, Hemant and Drossel, Barbara},
  journal={Physical review letters},
  volume={81},
  number={19},
  pages={4252},
  year={1998},
  publisher={APS}
}

@article{moore2011disappearance,
  title={Disappearance of the de Almeida-Thouless line in six dimensions},
  author={Moore, M. A. and Bray, Allan J.},
  journal={Physical Review B},
  volume={83},
  number={22},
  pages={224408},
  year={2011},
  publisher={APS}
}

@article{mori2011instability,
  title={Instability of the mean-field states and generalization of phase separation in long-range interacting systems},
  author={Mori, Takashi},
  journal={Physical Review E},
  volume={84},
  number={3},
  pages={031128},
  year={2011},
  publisher={APS}
}

@article{narayan2001convergence,
  title={Convergence of Monte Carlo simulations to equilibrium},
  author={Narayan, Onuttom and Young, A. P.},
  journal={Physical Review E},
  volume={64},
  number={2},
  pages={021104},
  year={2001},
  publisher={APS}
}

@article{newman1992multiple,
  title={Multiple states and thermodynamic limits in short-ranged Ising spin-glass models},
  author={Newman, Charles M. and Stein, Daniel L.},
  journal={Physical Review B},
  volume={46},
  number={2},
  pages={973},
  year={1992},
  publisher={APS}
}

@article{newman1996non,
  title={Non-mean-field behavior of realistic spin glasses},
  author={Newman, Charles M. and Stein, Daniel L.},
  journal={Physical review letters},
  volume={76},
  number={3},
  pages={515},
  year={1996},
  publisher={APS}
}

@article{newman1997metastate,
  title={Metastate approach to thermodynamic chaos},
  author={Newman, Charles M. and Stein, Daniel L.},
  journal={Physical Review E},
  volume={55},
  number={5},
  pages={5194},
  year={1997},
  publisher={APS}
}

@article{newman1998simplicity,
  title={Simplicity of state and overlap structure in finite-volume realistic spin glasses},
  author={Newman, CM and Stein, DL},
  journal={Physical Review E},
  volume={57},
  number={2},
  pages={1356},
  year={1998},
  publisher={APS}
}

@book{newman1999monte,
  title={Monte Carlo Methods in Statistical Physics},
  author={Newman, E. J. and Barkema, G. T.},
  isbn={9780198517979},
  lccn={99213405},
  url={https://books.google.com/books?id=J5aLdDN4uFwC},
  year={1999},
  publisher={Clarendon Press}
}

@article{newman2003ordering,
  title={Ordering and broken symmetry in short-ranged spin glasses},
  author={Newman, Charles M. and Stein, Daniel L.},
  journal={Journal of Physics: Condensed Matter},
  volume={15},
  number={32},
  pages={R1319},
  year={2003},
  publisher={IOP Publishing}
}

@article{nightingale1976scaling,
  title={Scaling theory and finite systems},
  author={Nightingale, Mp P},
  journal={Physica A: Statistical Mechanics and its Applications},
  volume={83},
  number={3},
  pages={561--572},
  year={1976},
  publisher={Elsevier}
}

@article{onsager1944crystal,
  title={Crystal statistics. I. A two-dimensional model with an order-disorder transition},
  author={Onsager, Lars},
  journal={Physical Review},
  volume={65},
  number={3-4},
  pages={117},
  year={1944},
  publisher={APS}
}

@article{palassini1999triviality,
  title={Triviality of the ground state structure in Ising spin glasses},
  author={Palassini, Matteo and Young, AP},
  journal={Physical Review Letters},
  volume={83},
  number={24},
  pages={5126},
  year={1999},
  publisher={APS}
}

@article{parisi1979infinite,
  title={Infinite number of order parameters for spin-glasses},
  author={Parisi, Giorgio},
  journal={Physical Review Letters},
  volume={43},
  number={23},
  pages={1754},
  year={1979},
  publisher={APS}
}

@article{parisi1980order,
  title={The order parameter for spin glasses: A function on the interval 0-1},
  author={Parisi, Giorgio},
  journal={Journal of Physics A: Mathematical and General},
  volume={13},
  number={3},
  pages={1101},
  year={1980},
  publisher={IOP Publishing}
}

@article{parisi1980magnetic,
  title={Magnetic properties of spin glasses in a new mean field theory},
  author={Parisi, Giorgio},
  journal={Journal of Physics A: Mathematical and General},
  volume={13},
  number={5},
  pages={1887},
  year={1980},
  publisher={IOP Publishing}
}

@article{parisi1983order,
  title={Order parameter for spin-glasses},
  author={Parisi, Giorgio},
  journal={Physical Review Letters},
  volume={50},
  number={24},
  pages={1946},
  year={1983},
  publisher={APS}
}

@article{parisi1996equilibrium,
  title={Equilibrium and off-equilibrium simulations of the Gaussian spin glass},
  author={Parisi, Giorgio and Ricci-Tersenghi, Federico and Ruiz-Lorenzo, Juan J.},
  journal={Journal of Physics A: Mathematical and General},
  volume={29},
  number={24},
  pages={7943},
  year={1996},
  publisher={IOP Publishing}
}

@article{parisi1996scaling,
  title={Scaling above the upper critical dimension in Ising models},
  author={Parisi, Giorgio and Ruiz-Lorenzo, Juan J.},
  journal={Physical Review B},
  volume={54},
  number={6},
  pages={R3698},
  year={1996},
  publisher={APS}
}

@article{peierls1936ising,
  author = {Peierls, Rudolph},
  title = {On Ising's model of ferromagnetism},
  journal = {Mathematical Proceedings of the Cambridge Philosophical Society},
  volume = {32},
  issue = {03},
  month = {10},
  year = {1936},
  issn = {1469-8064},
  pages = {477--481},
  numpages = {5},
  doi = {10.1017/S0305004100019174},
  URL = {http://journals.cambridge.org.oca.ucsc.edu/article_S0305004100019174},
}

@book{press2007numerical,
  title={Numerical Recipes 3rd Edition: The Art of Scientific Computing},
  author={Press, William H.},
  year={2007},
  publisher={Cambridge University Press}
}

@article{privman1983finite,
  title={Finite-size effects at first-order transitions},
  author={Privman, Vladimir and Fisher, Michael E.},
  journal={Journal of Statistical Physics},
  volume={33},
  number={2},
  pages={385--417},
  year={1983},
  publisher={Springer}
}

@article{rathore2005optimal,
  title={Optimal allocation of replicas in parallel tempering simulations},
  author={Rathore, Nitin and Chopra, Manan and de Pablo, Juan J},
  journal={The Journal of chemical physics},
  volume={122},
  number={2},
  pages={024111},
  year={2005},
  publisher={AIP Publishing}
}

@article{read2014short,
  title={Short-range Ising spin glasses: The metastate interpretation of replica symmetry breaking},
  author={Read, N},
  journal={Physical Review E},
  volume={90},
  number={3},
  pages={032142},
  year={2014},
  publisher={APS}
}

@article{reger1990monte,
  title={Monte Carlo study of the order-parameter distribution in the four-dimensional Ising spin glass},
  author={Reger, J. D. and Bhatt, R. N. and Young, A. P.},
  journal={Physical review letters},
  volume={64},
  number={16},
  pages={1859},
  year={1990},
  publisher={APS}
}

@article{rieger1993nonequilibrium,
  title={Nonequilibrium dynamics and aging in the three-dimensional Ising spin-glass model},
  author={Rieger, Heiko},
  journal={Journal of Physics A: Mathematical and General},
  volume={26},
  number={15},
  pages={L615},
  year={1993},
  publisher={IOP Publishing}
}

@article{rudnick1985effect,
  title={Effect of boundary conditions on the critical behavior of a fi-nite high-dimensional Ising model},
  author={Rudnick, Joseph and Gaspari, George and Privman, Vladimir},
  journal={Physical Review B},
  volume={32},
  number={11},
  pages={7594},
  year={1985},
  publisher={APS}
}

@article{shapiro1986fully,
  title={The fully finite spherical model},
  author={Shapiro, Jonathan and Rudnick, Joseph},
  journal={Journal of statistical physics},
  volume={43},
  number={1-2},
  pages={51--83},
  year={1986},
  publisher={Springer}
}

@article{sherrington1975solvable,
  title={Solvable model of a spin-glass},
  author={Sherrington, David and Kirkpatrick, Scott},
  journal={Physical review letters},
  volume={35},
  number={26},
  pages={1792},
  year={1975},
  publisher={APS}
}

@book{stein2013spin,
  title={Spin Glasses and Complexity},
  author={Stein, Daniel L. and Newman, Charles M.},
  year={2013},
  publisher={Princeton University Press}
}

@article{swendsen1987nonuniversal,
  title = {Nonuniversal critical dynamics in Monte Carlo simulations},
  author = {Swendsen, Robert H. and Wang, Jian-Sheng},
  journal = {Phys. Rev. Lett.},
  volume = {58},
  issue = {2},
  pages = {86--88},
  numpages = {0},
  year = {1987},
  month = {Jan},
  publisher = {American Physical Society},
  doi = {10.1103/PhysRevLett.58.86},
  url = {http://link.aps.org/doi/10.1103/PhysRevLett.58.86}
}

@book{talagrand2003spin,
  title={Spin glasses: a challenge for mathematicians: cavity and mean field models},
  author={Talagrand, Michel},
  volume={46},
  year={2003},
  publisher={Springer Science \& Business Media}
}

@article{thouless1977solution,
  title={Solution of `solvable model of a spin glass'},
  author={Thouless, David J. and Anderson, P. W. and Palmer, Robert G.},
  journal={Philosophical Magazine},
  volume={35},
  number={3},
  pages={593--601},
  year={1977},
  publisher={Taylor \& Francis}
}

@article{viana1985phase,
  title={Phase diagrams for dilute spin glasses},
  author={Viana, L and Bray, Allan J.},
  journal={Journal of Physics C: Solid State Physics},
  volume={18},
  number={15},
  pages={3037},
  year={1985},
  publisher={IOP Publishing}
}

@article{weigel2009cross,
  title={Cross correlations in scaling analyses of phase transitions},
  author={Weigel, Martin and Janke, Wolfhard},
  journal={Physical review letters},
  volume={102},
  number={10},
  pages={100601},
  year={2009},
  publisher={APS}
}

@article{white2006scenario,
  title={Scenario for spin-glass phase with infinitely many states},
  author={White, Olivia L and Fisher, Daniel S.},
  journal={Physical review letters},
  volume={96},
  number={13},
  pages={137204},
  year={2006},
  publisher={APS}
}

@article{wittmann2012spin,
  title = {Spin glasses in the nonextensive regime},
  author = {Wittmann, Matthew and Young, A. P.},
  journal = {Phys. Rev. E},
  volume = {85},
  issue = {4},
  pages = {041104},
  numpages = {8},
  year = {2012},
  month = {Apr},
  publisher = {American Physical Society},
  doi = {10.1103/PhysRevE.85.041104},
  url = {http://link.aps.org/doi/10.1103/PhysRevE.85.041104}
}

@article{wittmann2014low,
  title = {Low-temperature behavior of the statistics of the overlap distribution in Ising spin-glass models},
  author = {Wittmann, Matthew and Yucesoy, Burcu and Katzgraber, Helmut G. and Machta, Jonathan and Young, A. P.},
  journal = {Phys. Rev. B},
  volume = {90},
  issue = {13},
  pages = {134419},
  numpages = {10},
  year = {2014},
  month = {Oct},
  publisher = {American Physical Society},
  doi = {10.1103/PhysRevB.90.134419},
  url = {http://link.aps.org/doi/10.1103/PhysRevB.90.134419}
}

@article{wittmann2014finite,
  title = {Finite-size scaling above the upper critical dimension},
  author = {Wittmann, Matthew and Young, A. P.},
  journal = {Phys. Rev. E},
  volume = {90},
  issue = {6},
  pages = {062137},
  numpages = {10},
  year = {2014},
  month = {Dec},
  publisher = {American Physical Society},
  doi = {10.1103/PhysRevE.90.062137},
  url = {http://link.aps.org/doi/10.1103/PhysRevE.90.062137}
}

@unpublished{wittmann2015connection,
  title = {The connection between statics and dynamics of spin glasses},
  author = {Wittmann, Matthew and Young, A. P.},
  note = {Submitted},
  date = {2015-07-09},
  eprinttype = {arxiv},
  eprint = {1504.07709},
  url = {http://arxiv.org/abs/1504.07709}
}

@article{wolff1989collective,
  title = {Collective Monte Carlo Updating for Spin Systems},
  author = {Wolff, Ulli},
  journal = {Phys. Rev. Lett.},
  volume = {62},
  issue = {4},
  pages = {361--364},
  numpages = {0},
  year = {1989},
  month = {Jan},
  publisher = {American Physical Society},
  doi = {10.1103/PhysRevLett.62.361},
  url = {http://link.aps.org/doi/10.1103/PhysRevLett.62.361}
}

@article{yoshino2002extended,
  title={Extended droplet theory for aging in short-range spin glasses and a numerical examination},
  author={Yoshino, Hajime and Hukushima, Koji and Takayama, Hajime},
  journal={Physical Review B},
  volume={66},
  number={6},
  pages={064431},
  year={2002},
  publisher={APS}
}

@book{young2015everything,
  title = {Everything You Wanted to Know About Data Analysis and Fitting but Were Afraid to Ask},
  author = {Young, Peter},
  year = {2015},
  publisher = {Springer International Publishing}
}

@article{yucesoy2012evidence,
  title={Evidence of non-mean-field-like low-temperature behavior in the Edwards-Anderson spin-glass model},
  author={Yucesoy, Burcu and Katzgraber, Helmut G. and Machta, Jonathan},
  journal={Physical review letters},
  volume={109},
  number={17},
  pages={177204},
  year={2012},
  publisher={APS}
}

@article{yucesoy2013correlations,
  title={Correlations between the dynamics of parallel tempering and the free-energy landscape in spin glasses},
  author={Yucesoy, Burcu and Machta, Jonathan and Katzgraber, Helmut G.},
  journal={Physical Review E},
  volume={87},
  number={1},
  pages={012104},
  year={2013},
  publisher={APS}
}

@article{yucesoy2013yucesoy,
  title={Yucesoy, Katzgraber, and Machta Reply},
  author={Yucesoy, Burcu and Katzgraber, Helmut G. and Machta, Jonathan},
  journal={Physical review letters},
  volume={110},
  number={21},
  pages={219702},
  year={2013},
  publisher={APS}
}

@article{zippelius1984critical,
  title={Critical dynamics of spin-glasses},
  author={Zippelius, Annette},
  journal={Physical Review B},
  volume={29},
  number={5},
  pages={2717},
  year={1984},
  publisher={APS}
}
